<collection xmlns="http://www.loc.gov/MARC21/slim">
   <record>
      <leader>02659nam a2200541 i 4500</leader>
      <controlfield tag="001">6704057</controlfield>
      <controlfield tag="003">CaONFJC</controlfield>
      <controlfield tag="005">20140926050022.0</controlfield>
      <controlfield tag="006">m        d        </controlfield>
      <controlfield tag="007">cr||n|||||||||</controlfield>
      <controlfield tag="008">140708s2015    enk     obq   001 0beng d</controlfield>
      <datafield ind1=" " ind2=" " tag="020">
         <subfield code="a">9781849054720 (alk. paper)</subfield>
      </datafield>
      <datafield ind1=" " ind2=" " tag="020">
         <subfield code="a">184905472X (alk. paper)</subfield>
      </datafield>
      <datafield ind1=" " ind2=" " tag="020">
         <subfield code="a">9780857008510 (e-book)</subfield>
      </datafield>
      <datafield ind1=" " ind2=" " tag="020">
         <subfield code="a">085700851X (e-book)</subfield>
      </datafield>
      <datafield ind1=" " ind2=" " tag="020">
         <subfield code="a">9781322095622 (MyiLibrary)</subfield>
      </datafield>
      <datafield ind1=" " ind2=" " tag="037">
         <subfield code="a">640813</subfield>
         <subfield code="b">MIL</subfield>
      </datafield>
      <datafield ind1=" " ind2=" " tag="039">
         <subfield code="a">exclude</subfield>
      </datafield>
      <datafield ind1=" " ind2=" " tag="040">
         <subfield code="a">CaONFJC</subfield>
         <subfield code="c">CaONFJC</subfield>
         <subfield code="e">rda</subfield>
         <subfield code="d">AEU</subfield>
      </datafield>
      <datafield ind1="1" ind2=" " tag="041">
         <subfield code="a">eng</subfield>
         <subfield code="h">ger</subfield>
      </datafield>
      <datafield ind1=" " ind2=" " tag="043">
         <subfield code="a">n-us---</subfield>
      </datafield>
      <datafield ind1="0" ind2="4" tag="050">
         <subfield code="a">GV1785.H267</subfield>
         <subfield code="b">W5713 2015eb</subfield>
      </datafield>
      <datafield ind1="0" ind2="4" tag="082">
         <subfield code="a">792.8092</subfield>
         <subfield code="a">B</subfield>
         <subfield code="2">23</subfield>
      </datafield>
      <datafield ind1=" " ind2=" " tag="090">
         <subfield code="a">Internet Access</subfield>
         <subfield code="b">AEU</subfield>
      </datafield>
      <datafield ind1="1" ind2=" " tag="100">
         <subfield code="a">Wittmann, Gabriele.</subfield>
         <subfield code="0">http://id.loc.gov/authorities/names/n97849762</subfield>
         <subfield code="0">http://viaf.org/viaf/9143106</subfield>
      </datafield>
      <datafield ind1="1" ind2="0" tag="240">
         <subfield code="a">Anna Halprin.</subfield>
         <subfield code="l">English</subfield>
      </datafield>
      <datafield ind1="1" ind2="0" tag="245">
         <subfield code="a">Anna Halprin</subfield>
         <subfield code="h">[electronic resource] :</subfield>
         <subfield code="b">dance, process, form /</subfield>
         <subfield code="c">Gabriele Wittmann, Ursula Schorn and Ronit Land ; forewords by Anna Halprin and Rudolf zur Lippe ; translated by Anne Oppenheimer.</subfield>
      </datafield>
      <datafield ind1=" " ind2="1" tag="264">
         <subfield code="a">London :</subfield>
         <subfield code="b">Jessica Kingsley Publishers,</subfield>
         <subfield code="c">2015.</subfield>
      </datafield>
      <datafield ind1=" " ind2=" " tag="300">
         <subfield code="a">1 online resource (207 pages)</subfield>
      </datafield>
      <datafield ind1=" " ind2=" " tag="336">
         <subfield code="a">text</subfield>
         <subfield code="b">txt</subfield>
         <subfield code="2">rdacontent</subfield>
         <subfield code="0">http://id.loc.gov/vocabulary/contentTypes/txt</subfield>
      </datafield>
      <datafield ind1=" " ind2=" " tag="337">
         <subfield code="a">computer</subfield>
         <subfield code="b">c</subfield>
         <subfield code="2">rdamedia</subfield>
         <subfield code="0">http://id.loc.gov/vocabulary/mediaTypes/c</subfield>
      </datafield>
      <datafield ind1=" " ind2=" " tag="338">
         <subfield code="a">online resource</subfield>
         <subfield code="b">cr</subfield>
         <subfield code="2">rdacarrier</subfield>
         <subfield code="0">http://id.loc.gov/vocabulary/carriers/cr</subfield>
      </datafield>
      <datafield ind1=" " ind2=" " tag="500">
         <subfield code="a">Translated from German.</subfield>
      </datafield>
      <datafield ind1=" " ind2=" " tag="504">
         <subfield code="a">Includes bibliographical references (pages 191-197), filmography (pages 198-199) and index.</subfield>
      </datafield>
      <datafield ind1=" " ind2=" " tag="506">
         <subfield code="a">Access restricted to authorized users and institutions.</subfield>
      </datafield>
      <datafield ind1=" " ind2=" " tag="588">
         <subfield code="a">Description based on print version record.</subfield>
      </datafield>
      <datafield ind1=" " ind2=" " tag="596">
         <subfield code="a">44</subfield>
      </datafield>
      <datafield ind1="1" ind2="0" tag="600">
         <subfield code="a">Halprin, Anna.</subfield>
         <subfield code="0">http://id.loc.gov/authorities/names/n85378546</subfield>
      </datafield>
      <datafield ind1=" " ind2="0" tag="650">
         <subfield code="a">Dancers</subfield>
         <subfield code="z">United States</subfield>
         <subfield code="v">Biography.</subfield>
         <subfield code="0">http://id.loc.gov/authorities/subjects/sh2008102027</subfield>
      </datafield>
      <datafield ind1=" " ind2="0" tag="650">
         <subfield code="a">Modern dance.</subfield>
         <subfield code="0">http://id.loc.gov/authorities/subjects/sh85086440</subfield>
      </datafield>
      <datafield ind1=" " ind2="0" tag="650">
         <subfield code="a">Dance therapy.</subfield>
         <subfield code="0">http://id.loc.gov/authorities/subjects/sh85035654</subfield>
      </datafield>
      <datafield ind1="1" ind2=" " tag="700">
         <subfield code="a">Schorn, Ursula.</subfield>
         <subfield code="0">http://id.loc.gov/authorities/names/n97852906</subfield>
         <subfield code="0">http://viaf.org/viaf/103867416</subfield>
      </datafield>
      <datafield ind1="1" ind2=" " tag="700">
         <subfield code="a">Land, Ronit.</subfield>
         <subfield code="0">http://id.loc.gov/authorities/names/n97871563</subfield>
         <subfield code="0">http://viaf.org/viaf/58382484</subfield>
      </datafield>
      <datafield ind1=" " ind2=" " tag="758">
         <subfield code="0">http://worldcat.org/entity/work/id/23553673</subfield>
      </datafield>
      <datafield ind1="0" ind2=" " tag="787">
         <subfield code="n">OCLC Work Id</subfield>
         <subfield code="o">http://worldcat.org/entity/work/id/23553673</subfield>
      </datafield>
      <datafield ind1="4" ind2="0" tag="856">
         <subfield code="3">University of Alberta Access</subfield>
         <subfield code="u">http://lib.myilibrary.com/detail.asp?ID=640813</subfield>
         <subfield code="z">(Single User Access)</subfield>
      </datafield>
      <datafield ind1=" " ind2=" " tag="949">
         <subfield code="w">ORDER</subfield>
         <subfield code="h">UAIN</subfield>
         <subfield code="z">PDACOUTTS</subfield>
      </datafield>
      <datafield ind1=" " ind2=" " tag="926">
         <subfield code="a">Internet Access</subfield>
         <subfield code="w">LC</subfield>
         <subfield code="c">1</subfield>
         <subfield code="i">6704057-1001</subfield>
         <subfield code="l">INTERNET</subfield>
         <subfield code="m">UAINTERNET</subfield>
         <subfield code="r">Y</subfield>
         <subfield code="s">Y</subfield>
         <subfield code="t">E-RESOURCE</subfield>
         <subfield code="u">10/7/2014</subfield>
         <subfield code="x">E-BOOK</subfield>
         <subfield code="z">PDAOWNED</subfield>
      </datafield>
   </record>
</collection>
